<marc:record xmlns:marc="http://www.loc.gov/MARC21/slim" xmlns:xsi="http://www.w3.org/2001/XMLSchema-instance" xsi:schemaLocation="http://www.loc.gov/MARC21/slim http://www.loc.gov/standards/marcxml/schema/MARC21slim.xsd"><marc:leader>00416nkm a22001690a 45 0</marc:leader><marc:controlfield tag="001">1013107</marc:controlfield><marc:controlfield tag="003">NL-AMISG</marc:controlfield><marc:controlfield tag="005">19980108172731.0</marc:controlfield><marc:controlfield tag="008">199801suuuuuuuu||||||||||||||||||||||| d</marc:controlfield><marc:datafield ind1=" " ind2=" " tag="035"><marc:subfield code="a">(IISG)IISGb10792450</marc:subfield></marc:datafield><marc:datafield ind1=" " ind2=" " tag="040"><marc:subfield code="a">NL-AmISG</marc:subfield></marc:datafield><marc:datafield ind1="1" ind2="0" tag="245"><marc:subfield code="k">Visual document.</marc:subfield></marc:datafield><marc:datafield ind1=" " ind2=" " tag="260"><marc:subfield code="c">1937, April.</marc:subfield></marc:datafield><marc:datafield ind1=" " ind2=" " tag="500"><marc:subfield code="a">Series of 4 photos after the bombardment.</marc:subfield></marc:datafield><marc:datafield ind1=" " ind2=" " tag="542"><marc:subfield code="m">closed</marc:subfield></marc:datafield><marc:datafield ind1=" " ind2="4" tag="648"><marc:subfield code="a">1937-1937.</marc:subfield><marc:subfield code="0">(NL-AMISG)362627</marc:subfield></marc:datafield><marc:datafield ind1=" " ind2="4" tag="650"><marc:subfield code="a">War damage.</marc:subfield><marc:subfield code="0">(NL-AMISG)177147</marc:subfield></marc:datafield><marc:datafield ind1=" " ind2="4" tag="651"><marc:subfield code="a">Guernica. (Spain)</marc:subfield><marc:subfield code="0">(NL-AMISG)328117</marc:subfield></marc:datafield><marc:datafield ind1=" " ind2="4" tag="655"><marc:subfield code="a">Photo.</marc:subfield><marc:subfield code="0">(NL-AMISG)121213</marc:subfield></marc:datafield><marc:datafield ind1=" " ind2=" " tag="694"><marc:subfield code="a">G칩mez Pel치ez, F.</marc:subfield><marc:subfield code="b">BG A56/31-4</marc:subfield></marc:datafield><marc:datafield ind1=" " ind2=" " tag="695"><marc:subfield code="a">SPA</marc:subfield><marc:subfield code="g">Guernica.</marc:subfield></marc:datafield><marc:datafield ind1="1" ind2=" " tag="700"><marc:subfield code="0">(NL-AMISG)2007885</marc:subfield><marc:subfield code="a">G칩mez Pel치ez, Fernando,</marc:subfield><marc:subfield code="b">c</marc:subfield><marc:subfield code="d">e</marc:subfield><marc:subfield code="collector.">f</marc:subfield><marc:subfield code="k">l</marc:subfield><marc:subfield code="m">n</marc:subfield><marc:subfield code="o">p</marc:subfield><marc:subfield code="q">r</marc:subfield><marc:subfield code="s">t</marc:subfield><marc:subfield code="v">x</marc:subfield><marc:subfield code="y">z</marc:subfield></marc:datafield><marc:datafield ind1="4" ind2=" " tag="852"><marc:subfield code="a">IISG</marc:subfield><marc:subfield code="b">IISG</marc:subfield><marc:subfield code="c">IISG</marc:subfield><marc:subfield code="j">BG A56/31-4</marc:subfield><marc:subfield code="n">Available</marc:subfield><marc:subfield code="p">10622/30051000814795</marc:subfield></marc:datafield><marc:datafield ind1=" " ind2=" " tag="901"><marc:subfield code="a">1013107</marc:subfield><marc:subfield code="b">Unknown</marc:subfield><marc:subfield code="c">1013107</marc:subfield><marc:subfield code="t">biblio</marc:subfield></marc:datafield><marc:datafield ind1=" " ind2=" " tag="902"><marc:subfield code="a">10622/8BE9DEF2-AB64-434C-9FCF-1074CAE3CDEB</marc:subfield></marc:datafield></marc:record>